@article{capponi2022personalized,
  title={Personalized robo-advising: Enhancing investment through client interaction},
  author={Capponi, Agostino and Olafsson, Sveinn and Zariphopoulou, Thaleia},
  journal={Management Science},
  volume={68},
  number={4},
  pages={2485--2512},
  year={2022},
  publisher={INFORMS}
},

@article{alsabah2021robo,
  title={Robo-advising: Learning investorsâ€™ risk preferences via portfolio choices},
  author={Alsabah, Humoud and Capponi, Agostino and Ruiz Lacedelli, Octavio and Stern, Matt},
  journal={Journal of Financial Econometrics},
  volume={19},
  number={2},
  pages={369--392},
  year={2021},
  publisher={Oxford University Press}
}

@inproceedings{ng2000algorithms,
  title={Algorithms for inverse reinforcement learning.},
  author={Ng, Andrew Y and Russell, Stuart},
  booktitle={{ICML}},
  volume={1},
  pages={2},
  year={2000}
}

@article{lettau2010measuring,
  title={Measuring and modeling variation in the risk-return trade-off},
  author={Lettau, Martin and Ludvigson, Sydney C},
  journal={Handbook of financial econometrics: Tools and techniques},
  pages={617--690},
  year={2010},
  publisher={Elsevier}
}

@article{oechssler2009cognitive,
  title={Cognitive abilities and behavioral biases},
  author={Oechssler, J{\"o}rg and Roider, Andreas and Schmitz, Patrick W},
  journal={Journal of Economic Behavior \& Organization},
  volume={72},
  number={1},
  pages={147--152},
  year={2009},
  publisher={Elsevier}
}

@article{bowman2004estimation,
  title={Estimation: Method of moments},
  author={Bowman, Kimiko O and Shenton, LR},
  journal={Encyclopedia of statistical sciences},
  volume={3},
  year={2004},
  publisher={Wiley Online Library}
}

@article{markowitz1952portfolio,
 ISSN = {00221082, 15406261},
 URL = {http://www.jstor.org/stable/2975974},
 author = {Harry Markowitz},
 journal = {The Journal of Finance},
 number = {1},
 pages = {77--91},
 publisher = {[American Finance Association, Wiley]},
 title = {Portfolio Selection},
 urldate = {2023-03-23},
 volume = {7},
 year = {1952}
}

@article{chauvet2006dating,
  title={Dating business cycle turning points},
  author={Chauvet, Marcelle and Hamilton, James D},
  journal={Contributions to Economic Analysis},
  volume={276},
  pages={1--54},
  year={2006},
  publisher={Elsevier}
}

@article{meijering2002chronology,
  title={A chronology of interpolation: from ancient astronomy to modern signal and image processing},
  author={Meijering, Erik},
  journal={Proceedings of the IEEE},
  volume={90},
  number={3},
  pages={319--342},
  year={2002},
  publisher={IEEE}
}